@book{silberschatz,
  title={Operating System Concepts},
  author={Abraham Silberschatz and Peter B Galvin and Greg Gagne},
  edition={8},
  year={2010},
  publisher={Addison-wesley Reading}
}

@book{tanenbaum,
  title={Modern Operating Systems},
  author={Andrew S Tanenbaum and Herbert Bos},
  edition={4},
  year={2015},
  publisher={Pearson Education, Inc}
}

@book{love,
  title={Linux Kernel Development},
  author={Robert Love},
  edition={3},
  year={2010},
  publisher={Novell Press}
}

@book{crowley,
 author = {Charles Crowley},
 title = {Operating Systems: A Design-Oriented Approach},
 year = {1996},
 isbn = {0256151512},
 publisher = {McGraw-Hill Professional},
}

@book{patterson,
  title={Computer Organization and Design},
  author={David A Patterson and John L Hennessy},
  publisher={Morgan Kaufmann},
  edition={4},
  year={2007}
}

@book{ddbook,
  title={Linux device drivers},
  author={Alessandro Rubini and Jonathan Corbet},
  year={2001},
  edition={2},
  publisher={O'Reilly Media, Inc}
}

@book{entendendo_kernel,
  title={Understanding the Linux kernel},
  author={Daniel P Bovet and Marco Cesati},
  year={2006},
  edition={3},
  publisher={O'Reilly}
}

@book{apache_module_book,
  title={The Apache modules book: application development with Apache},
  author={Nick Kew},
  year={2007},
  publisher={Prentice Hall Professional}
}

@book{soni,
  title={Introduction to Nginx Web Server},
  author={Rahul Soni},
  year={2016},
  publisher={Springer}
}

@book{proopenssh,
  title={Pro OpenSSH},
  author={Michael Stahnke},
  year={2005},
  publisher={Apress}
}

@inproceedings{nooks,
 author = {Swift, Michael M. and Bershad, Brian N. and Levy, Henry M.},
 title = {Improving the Reliability of Commodity Operating Systems},
 booktitle = {Proceedings of the Nineteenth ACM Symposium on Operating Systems Principles},
 series = {SOSP '03},
 year = {2003},
 isbn = {1-58113-757-5},
 location = {Bolton Landing, NY, USA},
 pages = {207--222},
 numpages = {16},
 url = {http://doi.acm.org/10.1145/945445.945466},
 doi = {10.1145/945445.945466},
 acmid = {945466},
 publisher = {ACM},
 address = {New York, NY, USA},
 keywords = {I/O, device drivers, protection, recovery, virtual memory},
}

@inproceedings{mmp,
  author = {Witchel, Emmett and Cates, Josh and Asanovi\'{c}, Krste},
  title = {Mondrian Memory Protection},
  booktitle = {Proceedings of the 10th International Conference on Architectural Support for Programming Languages and Operating Systems},
  series = {ASPLOS X},
  year = {2002},
  isbn = {1-58113-574-2},
  location = {San Jose, California},
  pages = {304--316},
  numpages = {13},
  url = {http://doi.acm.org/10.1145/605397.605429},
  doi = {10.1145/605397.605429},
  acmid = {605429},
  publisher = {ACM},
  address = {New York, NY, USA},
}

@inproceedings{mondrix,
author = {Witchel, Emmett and Rhee, Junghwan and Asanovi\'{c}, Krste},
 title = {Mondrix: Memory Isolation for Linux Using Mondriaan Memory Protection},
 booktitle = {Proceedings of the Twentieth ACM Symposium on Operating Systems Principles},
 series = {SOSP '05},
 year = {2005},
 isbn = {1-59593-079-5},
 location = {Brighton, United Kingdom},
 pages = {31--44},
 numpages = {14},
 url = {http://doi.acm.org/10.1145/1095810.1095814},
 doi = {10.1145/1095810.1095814},
 acmid = {1095814},
 publisher = {ACM},
 address = {New York, NY, USA},
 keywords = {fine-grained memory protection},
}

@inproceedings{exokernel,
 author = {Engler, D. R. and Kaashoek, M. F. and O'Toole,Jr., J.},
 title = {Exokernel: An Operating System Architecture for Application-level Resource Management},
 booktitle = {Proceedings of the Fifteenth ACM Symposium on Operating Systems Principles},
 series = {SOSP '95},
 year = {1995},
 isbn = {0-89791-715-4},
 location = {Copper Mountain, Colorado, USA},
 pages = {251--266},
 numpages = {16},
 url = {http://doi.acm.org/10.1145/224056.224076},
 doi = {10.1145/224056.224076},
 acmid = {224076},
 publisher = {ACM},
 address = {New York, NY, USA},
}

@inproceedings{wedge,
author = {Bittau, Andrea and Marchenko, Petr and Handley, Mark and Karp, Brad},
 title = {Wedge: Splitting Applications into Reduced-privilege Compartments},
 booktitle = {Proceedings of the 5th USENIX Symposium on Networked Systems Design and Implementation},
 series = {NSDI'08},
 year = {2008},
 isbn = {111-999-5555-22-1},
 location = {San Francisco, California},
 pages = {309--322},
 numpages = {14},
 url = {http://dl.acm.org/citation.cfm?id=1387589.1387611},
 acmid = {1387611},
 publisher = {USENIX Association},
 address = {Berkeley, CA, USA},
}

@inproceedings{protectionprinciple,
  title={The Protection of Information in Computer Systems},
  author={Saltzer, Jerome H and Schroeder, Michael D},
  journal={Proceedings of the IEEE},
  volume={63},
  number={9},
  pages={1278--1308},
  year={1975},
  publisher={IEEE}
}

@inproceedings{quiescence,
  title={Tranquility: A Low Disruptive Alternative to Quiescence for Ensuring Safe Dynamic Updates},
  author={Vandewoude, Yves and Ebraert, Peter and Berbers, Yolande and D'Hondt, Theo},
  journal={IEEE Transactions on Software Engineering},
  pages={856--868},
  year={2007},
  publisher={IEEE}
}

@inproceedings{resourcecontainers,
 author = {Banga, Gaurav and Druschel, Peter and Mogul, Jeffrey C.},
 title = {Resource Containers: A New Facility for Resource Management in Server Systems},
 booktitle = {Proceedings of the Third Symposium on Operating Systems Design and Implementation},
 series = {OSDI '99},
 year = {1999},
 isbn = {1-880446-39-1},
 location = {New Orleans, Louisiana, USA},
 pages = {45--58},
 numpages = {14},
 url = {http://dl.acm.org/citation.cfm?id=296806.296810},
 acmid = {296810},
 publisher = {USENIX Association},
 address = {Berkeley, CA, USA},
}

@inproceedings{spacejmp,
 author = {El Hajj, Izzat and Merritt, Alexander and Zellweger, Gerd and Milojicic, Dejan and Achermann, Reto and Faraboschi, Paolo and Hwu, Wen-mei and Roscoe, Timothy and Schwan, Karsten},
 title = {SpaceJMP: Programming with Multiple Virtual Address Spaces},
 booktitle = {Proceedings of the Twenty-First International Conference on Architectural Support for Programming Languages and Operating Systems},
 series = {ASPLOS '16},
 year = {2016},
 isbn = {978-1-4503-4091-5},
 location = {Atlanta, Georgia, USA},
 pages = {353--368},
 numpages = {16},
 url = {http://doi.acm.org/10.1145/2872362.2872366},
 doi = {10.1145/2872362.2872366},
 acmid = {2872366},
 publisher = {ACM},
 address = {New York, NY, USA},
 keywords = {DRAM, NVM, address spaces, memory-centric computing, virtual memory},
}

@inproceedings{belay,
 author = {Belay, Adam and Bittau, Andrea and Mashtizadeh, Ali and Terei, David and Mazi\`{e}res, David and Kozyrakis, Christos},
 title = {Dune: Safe User-level Access to Privileged CPU Features},
 booktitle = {Proceedings of the 10th USENIX Conference on Operating Systems Design and Implementation},
 series = {OSDI'12},
 year = {2012},
 isbn = {978-1-931971-96-6},
 location = {Hollywood, CA, USA},
 pages = {335--348},
 numpages = {14},
 url = {http://dl.acm.org/citation.cfm?id=2387880.2387913},
 acmid = {2387913},
 publisher = {USENIX Association},
 address = {Berkeley, CA, USA},
}

@inproceedings{shreds,
  title={Shreds: Fine-grained Execution Units with Private Memory},
  author={Chen, Yaohui and Reymondjohnson, Sebassujeen and Sun, Zhichuang and Lu, Long},
  booktitle={IEEE Symposium on Security and Privacy (SP)},
  pages={56--71},
  year={2016},
  isbn={978-1-5090-0825-4},
  organization={IEEE}
}

@inproceedings{litton,
 author = {Litton, James and Vahldiek-Oberwagner, Anjo and Elnikety, Eslam and Garg, Deepak and Bhattacharjee, Bobby and Druschel, Peter},
 title = {Light-weight Contexts: An OS Abstraction for Safety and Performance},
 booktitle = {Proceedings of the 12th USENIX Conference on Operating Systems Design and Implementation},
 series = {OSDI'16},
 year = {2016},
 isbn = {978-1-931971-33-1},
 location = {Savannah, GA, USA},
 pages = {49--64},
 numpages = {16},
 url = {http://dl.acm.org/citation.cfm?id=3026877.3026882},
 acmid = {3026882},
 publisher = {USENIX Association},
 address = {Berkeley, CA, USA},
}

@inproceedings{pauseless,
 author = {Click, Cliff and Tene, Gil and Wolf, Michael},
 title = {The Pauseless GC Algorithm},
 booktitle = {Proceedings of the 1st ACM/USENIX International Conference on Virtual Execution Environments},
 series = {VEE '05},
 year = {2005},
 isbn = {1-59593-047-7},
 location = {Chicago, IL, USA},
 pages = {46--56},
 numpages = {11},
 url = {http://doi.acm.org/10.1145/1064979.1064988},
 doi = {10.1145/1064979.1064988},
 acmid = {1064988},
 publisher = {ACM},
 address = {New York, NY, USA},
 keywords = {Java, concurrent GC, custom hardware, garbage collection, memory management, read barriers},
}

@inproceedings{kaslr,
  title={Kaslr is Dead: Long Live Kaslr},
  author={Gruss, Daniel and Lipp, Moritz and Schwarz, Michael and Fellner, Richard and Maurice, Cl{\'e}mentine and Mangard, Stefan},
  booktitle={International Symposium on Engineering Secure Software and Systems},
  pages={161--176},
  year={2017},
  organization={Springer}
}

@inproceedings{bpf,
 author = {McCanne, Steven and Jacobson, Van},
 title = {The BSD Packet Filter: A New Architecture for User-level Packet Capture},
 booktitle = {Proceedings of the USENIX Winter 1993 Conference Proceedings on USENIX Winter 1993 Conference Proceedings},
 series = {USENIX'93},
 year = {1993},
 location = {San Diego, California},
 pages = {2--2},
 numpages = {1},
 url = {http://dl.acm.org/citation.cfm?id=1267303.1267305},
 acmid = {1267305},
 publisher = {USENIX Association},
 address = {Berkeley, CA, USA},
}

@inproceedings{aiken,
 author = {Aiken, Mark and F\"{a}hndrich, Manuel and Hawblitzel, Chris and Hunt, Galen and Larus, James},
 title = {Deconstructing Process Isolation},
 booktitle = {Proceedings of the 2006 Workshop on Memory System Performance and Correctness},
 series = {MSPC '06},
 year = {2006},
 isbn = {1-59593-578-9},
 location = {San Jose, California},
 pages = {1--10},
 numpages = {10},
 url = {http://doi.acm.org/10.1145/1178597.1178599},
 doi = {10.1145/1178597.1178599},
 acmid = {1178599},
 publisher = {ACM},
 address = {New York, NY, USA},
 keywords = {hardware isolated process (HIP), hardware protection domain, singularity, software isolated process (SIP)},
}

@inproceedings{corey,
 author = {Boyd-Wickizer, Silas and Chen, Haibo and Chen, Rong and Mao, Yandong and Kaashoek, Frans and Morris, Robert and Pesterev, Aleksey and Stein, Lex and Wu, Ming and Dai, Yuehua and Zhang, Yang and Zhang, Zheng},
 title = {Corey: An Operating System for Many Cores},
 booktitle = {Proceedings of the 8th USENIX Conference on Operating Systems Design and Implementation},
 series = {OSDI'08},
 year = {2008},
 location = {San Diego, California},
 pages = {43--57},
 numpages = {15},
 url = {http://dl.acm.org/citation.cfm?id=1855741.1855745},
 acmid = {1855745},
 publisher = {USENIX Association},
 address = {Berkeley, CA, USA},
}

@article{worldcup,
  title={A Workload Characterization Study of the 1998 World Cup Web Site},
  author={Martin Arlitt and Tai Jin},
  journal={IEEE network},
  volume={14},
  number={3},
  pages={30--37},
  year={2000},
  publisher={IEEE}
}

@article{outlook,
  title={Outlook on Operating Systems},
  author={Dejan Milojicic and Timothy Roscoe},
  journal={Computer},
  volume={49},
  number={1},
  pages={43--51},
  year={2016},
  publisher={IEEE}
}

@article{popek,
 author = {Popek, Gerald J. and Goldberg, Robert P.},
 title = {Formal Requirements for Virtualizable Third Generation Architectures},
 journal = {Commun. ACM},
 issue_date = {July 1974},
 volume = {17},
 number = {7},
 month = jul,
 year = {1974},
 issn = {0001-0782},
 pages = {412--421},
 numpages = {10},
 url = {http://doi.acm.org/10.1145/361011.361073},
 doi = {10.1145/361011.361073},
 acmid = {361073},
 publisher = {ACM},
 address = {New York, NY, USA}
}

@article{uhlig,
  title={Intel Virtualization Technology},
  author={Uhlig, Rich and Neiger, Gil and Rodgers, Dion and Santoni, Amy L and Martins, Fernando CM and Anderson, Andrew V and Bennett, Steven M and Kagi, Alain and Leung, Felix H and Smith, Larry},
  journal={Computer},
  volume={38},
  number={5},
  pages={48--56},
  doi={10.1109/MC.2005.163},
  year={2005},
  publisher={IEEE}
}

@misc{ellarge,
  title={Large Physical Memory},
  author={El Hajj, Izzat and Merritt, Alexander and ETH, Gerd Zellweger and Milojicic, Dejan and ETH, Reto Achermann and Faraboschi, Paolo and Hwu, Wen-mei and ETH, Timothy Roscoe and Schwan, Karsten}
}

@manual{armdeveloperguide,
  title={ARM Developer Suite},
  author={ARM Limited},
  pages={49--64},
  year={2001}
}

@misc{mpx,
  title = {Introduction to Intel Memory Protection Extensions},
  author={RB Intel},
  url = {https://software.intel.com/en-us/articles/introduction-to-intel-memory-protection-extensions},
  urldate = {2019-02-22}
}

@manual{intelmanual,
  title={Intel{\textregistered} 64 and IA-32 Architectures Software Developer's Manual},
  editor={Intel},
  year={2018},
  url="software.intel.com/sites/default/files/managed/39/c5/325462-sdm-vol-1-2abcd-3abcd.pdf"
}

@misc{gdb,
  title = {Memory Layout And The Stack},
  url = {http://www.dirac.org/linux/gdb/02a-Memory_Layout_And_The_Stack.php},
  urldate = {2018-11-06},
}

@misc{syscallex,
  title = {System Calls Make the World Go Round},
  author = {Gustavo Duarte},
  url = {https://manybutfinite.com/post/system-calls},
  urldate = {2018-10-03},
  date = {2014-11-06},
}

@misc{apache_ab,
  title = {Apache ab},
  url = {https://httpd.apache.org/docs/2.4/programs/ab.html},
  urldate = {2019-01-02}
}

@misc{mpm,
  title = {Multi-Processing Modules (MPMs)},
  url = {https://httpd.apache.org/docs/2.4/mpm.html},
  urldate = {2019-01-02}
}

@misc{mpm_start_server,
  title = {MPM StartServer},
  url = {https://httpd.apache.org/docs/2.4/mod/mpm_common.html#startserverslh},
  urldate = {2019-01-02}
}

@misc{mpm_min_spare,
  title = {MinSpareServers Directive},
  url = {https://httpd.apache.org/docs/2.4/mod/prefork.html#minspareservers},
  urldate = {2019-01-02}
}

@misc{mpm_max_spare,
  title = {MaxSpareServers Directive},
  url = {https://httpd.apache.org/docs/2.4/mod/prefork.html#maxspareservers},
  urldate = {2019-01-02}
}

@misc{mpm_max_request,
  title = {MPM MaxRequestWorkers},
  url = {https://httpd.apache.org/docs/2.4/mod/mpm_common.html#maxrequestworkers},
  urldate = {2019-01-02}
}

@misc{mpm_listen,
  title = {ListenBackLog Directive},
  url = {https://httpd.apache.org/docs/2.4/mod/mpm_common.html#listenbacklog},
  urldate = {2019-01-02}
}

@misc{mpm_server_limit,
  title = {ServerLimit Directive},
  url = {https://httpd.apache.org/docs/2.4/mod/mpm_common.html#serverlimit},
  urldate = {2019-01-02}
}

@misc{mpm_maxsparethreads,
  title = {MaxSpareThreads Directive},
  url = {https://httpd.apache.org/docs/2.4/mod/mpm_common.html#maxsparethreads},
  urldate = {2019-01-02}
}

@misc{mpm_threadlimits,
  title = {ThreadLimit Directive},
  url = {https://httpd.apache.org/docs/2.4/mod/mpm_common.html#threadlimit},
  urldate = {2019-01-02}
}

@misc{mpm_threadperchild,
  title = {ThreadsPerChild Directive},
  url = {https://httpd.apache.org/docs/2.4/mod/mpm_common.html#threadsperchild},
  urldate = {2019-01-02}
}

@misc{mpm_minsparethreads,
  title = {MinSpareThreads Directive},
  url = {https://httpd.apache.org/docs/2.4/mod/mpm_common.html#minsparethreads},
  urldate = {2019-01-02}
}

@misc{httpachieve,
  title = {State of the Web},
  url = {https://httparchive.org/reports/state-of-the-web?start=2016_07_01&end=2017_07_01&view=list},
  urldate = {2019-01-02}
}

@misc{anatomy_program_mem,
  title = {Anatomy of a Program in Memory},
  author = {Gustavo Duarte},
  url = {https://manybutfinite.com/post/anatomy-of-a-program-in-memory},
  urldate = {2018-11-06},
  date = {2009-01-27},
}

@misc{kernel_manage_mem,
  title = {How The Kernel Manages Your Memory},
  author = {Gustavo Duarte},
  url = {https://manybutfinite.com/post/how-the-kernel-manages-your-memory},
  urldate = {2018-11-06},
  date = {2009-02-24},
}

@misc{nginx_architecture,
  title = {Inside NGINX: How We Designed for Performance and Scale},
  url = {https://www.nginx.com/blog/inside-nginx-how-we-designed-for-performance-scale/},
  urldate = {2018-11-06},
  date = {2015-06-10},
}

@misc{crypto_openssl,
  title = {Crypto With OpenSSL},
  url = {https://www.slideshare.net/guanzhi/crypto-with-openssl},
  urldate = {2018-11-06},
  date = {2008-10-17},
}

@misc{openssl,
  title={OpenSSL cookbook},
  author={Ivan Ristic},
  year={2013}
}

@misc{opensshhood,
  title={The OpenSSH Protocol Under the Hood},
  author={Girish Venkatachalam},
  journal={Linux Journal},
  url = {https://www.linuxjournal.com/article/9566},
  urldate = {2018-11-06},
  date = {2007-04-01},
}

@misc{redisio,
  title = {Redis Persistence},
  url = {https://redis.io/topics/persistence},
  urldate = {2018-11-06},
}

@misc{crypto_openssl,
  title = {Redis: under the hood},
  url = {https://pauladamsmith.com/articles/redis-under-the-hood.html},
  urldate = {2018-11-06},
}

@misc{gc_basics,
  title = {GC Algorithms: Basics},
  url = {https://plumbr.io/handbook/garbage-collection-algorithms},
  urldate = {2018-11-06},
}

@article{intelmpx,
 author = {Oleksenko, Oleksii and Kuvaiskii, Dmitrii and Bhatotia, Pramod and Felber, Pascal and Fetzer, Christof},
 title = {Intel MPX Explained: A Cross-layer Analysis of the Intel MPX System Stack},
 journal = {Proc. ACM Meas. Anal. Comput. Syst.},
 issue_date = {June 2018},
 volume = {2},
 number = {2},
 month = jun,
 year = {2018},
 issn = {2476-1249},
 pages = {28:1--28:30},
 articleno = {28},
 numpages = {30},
 url = {http://doi.acm.org/10.1145/3224423},
 doi = {10.1145/3224423},
 acmid = {3224423},
 publisher = {ACM},
 address = {New York, NY, USA},
 keywords = {intel mpx, isa extensions, memory safety},
}

@article{intelsgx,
  title={Intel SGX Explained.},
  author={Costan, Victor and Devadas, Srinivas},
  journal={IACR Cryptology ePrint Archive},
  volume={2016},
  number={086},
  pages={1--118},
  year={2016}
}

@inproceedings{benchrocketscience,
  title={Benchmarking File System Benchmarking: It* IS* Rocket Science.},
  author={Tarasov, Vasily and Bhanage, Saumitra and Zadok, Erez and Seltzer, Margo},
  booktitle={HotOS},
  volume={13},
  pages={1--5},
  year={2011}
}
